@online{gorgias,
url     = {http://www.opera-platonis.de/Gorgias.pdf},
urldate = {2021-11-07},
title   = {Gorgias},
author  = {Platon},
year    = {},
}

@book{politeia,
  title        = {Platons Werke},
  subtitle     = {Teil 3, Band 1, Der Staat},
  author       = {Platon and Schleiermacher, F.},
  year         = {1828},
  isbn         = {978-3-111-71392-2},
  publisher    = {De Gruyter, Georg Andreas Reimer Verlag},
}

@online{nikethik,
url     = {https://www.projekt-gutenberg.org/aristote/nikomach/nikomach.html},
urldate = {2021-12-07},
title   = {Aristoteles' Nikomachische Ethik},
author  = {Aristoteles},
year    = {},
}